@misc{bhardwaj,
      title={Lectures on Generalized Symmetries}, 
      author={Lakshya Bhardwaj and Lea E. Bottini and Ludovic Fraser-Taliente and Liam Gladden and Dewi S. W. Gould and Arthur Platschorre and Hannah Tillim},
      year={2023},
      eprint={2307.07547},
      archivePrefix={arXiv},
      primaryClass={hep-th},
      url={https://arxiv.org/abs/2307.07547}, 
}

@misc{tong-gauge,
	author       = {David Tong},
	title        = {Gauge Theory},
	year         = {2018},
	howpublished = {\url{http://www.damtp.cam.ac.uk/user/tong/\\gaugetheory.html}},
	note         = {Lecture notes, University of Cambridge},
}

@article{Gomes_2023,
	title={An introduction to higher-form symmetries},
	ISSN={2590-1990},
	url={http://dx.doi.org/10.21468/SciPostPhysLectNotes.74},
	DOI={10.21468/scipostphyslectnotes.74},
	journal={SciPost Physics Lecture Notes},
	publisher={Stichting SciPost},
	author={Gomes, Pedro R. S.},
	year={2023},
	month=sep }
