
@book{jakob,
	location = {Cham},
	edition = {2nd ed. 2018},
	title = {Physics from Symmetry},
	isbn = {978-3-319-66630-3 978-3-319-66631-0},
	series = {Undergraduate Lecture Notes in Physics},
	pagetotal = {287},
	publisher = {Springer},
	author = {Schwichtenberg, Jakob},
	date = {2018},
	doi = {10.1007/978-3-319-66631-0},
}

@book{harald_j_w_muller-kirste_introduction_2010,
	title = {Introduction To Supersymmetry (2nd Edition)},
	isbn = {978-981-310-096-1},
	author = {{Harald J W Muller-kirste} and {Armin Wiedemann}},
	date = {2010},
	note = {{OCLC}: 1480166148},
}

@book{lemos2007mec√¢nica,
	title={Mec{\^a}nica Anal{\'\i}tica},
	author={Lemos, N.A.},
	isbn={9788588325241},
	url={https://books.google.com.br/books?id=XpOS2eOdDR4C},
	year={2007},
	publisher={Editora Livraria da F{\'\i}sica}
}

@article{Beekman_2019,
	title={An introduction to spontaneous symmetry breaking},
	ISSN={2590-1990},
	url={http://dx.doi.org/10.21468/SciPostPhysLectNotes.11},
	DOI={10.21468/scipostphyslectnotes.11},
	journal={SciPost Physics Lecture Notes},
	publisher={Stichting SciPost},
	author={Beekman, Aron and Rademaker, Louk and van Wezel, Jasper},
	year={2019},
	month=dec }
	
@article{Arouca_2022,
		title={Quantum Field Theory Anomalies in Condensed Matter Physics},
		ISSN={2590-1990},
		url={http://dx.doi.org/10.21468/SciPostPhysLectNotes.62},
		DOI={10.21468/scipostphyslectnotes.62},
		journal={SciPost Physics Lecture Notes},
		publisher={Stichting SciPost},
		author={Arouca, Rodrigo and Cappelli, Andrea and Hansson, Hans},
		year={2022},
		month=sep }
	
